@misc{Alpha,
  title = {{Artículo de dudosa calidad de una página web patito}},
  author = "Juan Pérez",
  howpublished = {Recuperado de: \url{https://XD.com}},
  year = "2008",
  note = {Fecha de consulta: 03/11/2021}
}

@misc{Beta,
  title = "Blog del año 2002 con un formato horrible",
  author = "Autor Anónimo",
  howpublished = "\url{http://www.blogfeo.blogspot.com}",
  year = "2008"
}


@book{Gamma,
    author    = "Sultanito Mendoza and Jaime Duende",
    title     = "Libro apantallante que probablemente no leíste y solo lo pusiste por poner algo",
    year      = "2022",
    publisher = "Ediciones Tepito",
    edition = "1st"
}
